<?xml version="1.0" encoding="UTF-8"?>
<searchRetrieveResponse xmlns="http://www.loc.gov/zing/srw/"><version>1.1</version><numberOfRecords>1</numberOfRecords><records><record><recordSchema>MARC21-xml</recordSchema><recordPacking>xml</recordPacking><recordData><record xmlns="http://www.loc.gov/MARC21/slim" type="Bibliographic">
    <leader>00000pam a2200000 c 4500</leader>
    <controlfield tag="001">1022340069</controlfield>
    <controlfield tag="003">DE-101</controlfield>
    <controlfield tag="005">20171203011938.0</controlfield>
    <controlfield tag="007">tu</controlfield>
    <controlfield tag="008">120514s2012    gw ||||| |||| 00||||ger  </controlfield>
    <datafield tag="015" ind1=" " ind2=" ">
      <subfield code="a">12,A42</subfield>
      <subfield code="z">12,N21</subfield>
      <subfield code="2">dnb</subfield>
    </datafield>
    <datafield tag="016" ind1="7" ind2=" ">
      <subfield code="2">DE-101</subfield>
      <subfield code="a">1022340069</subfield>
    </datafield>
    <datafield tag="020" ind1=" " ind2=" ">
      <subfield code="a">9783608939774</subfield>
      <subfield code="c">Pp. : EUR 14.95 (DE), EUR 15.40 (AT), sfr 21.90 (freier Pr.)</subfield>
      <subfield code="9">978-3-608-93977-4</subfield>
    </datafield>
    <datafield tag="020" ind1=" " ind2=" ">
      <subfield code="a">3608939776</subfield>
      <subfield code="9">3-608-93977-6</subfield>
    </datafield>
    <datafield tag="024" ind1="3" ind2=" ">
      <subfield code="a">9783608939774</subfield>
    </datafield>
    <datafield tag="035" ind1=" " ind2=" ">
      <subfield code="a">(DE-599)DNB1022340069</subfield>
    </datafield>
    <datafield tag="035" ind1=" " ind2=" ">
      <subfield code="a">(OCoLC)813430381</subfield>
    </datafield>
    <datafield tag="040" ind1=" " ind2=" ">
      <subfield code="a">1245</subfield>
      <subfield code="b">ger</subfield>
      <subfield code="c">DE-101</subfield>
      <subfield code="d">9999</subfield>
    </datafield>
    <datafield tag="041" ind1=" " ind2=" ">
      <subfield code="a">ger</subfield>
      <subfield code="h">eng</subfield>
    </datafield>
    <datafield tag="044" ind1=" " ind2=" ">
      <subfield code="c">XA-DE-BW</subfield>
    </datafield>
    <datafield tag="082" ind1="7" ind2="4">
      <subfield code="a">820</subfield>
      <subfield code="a">B</subfield>
      <subfield code="q">DE-101</subfield>
      <subfield code="2">22sdnb</subfield>
    </datafield>
    <datafield tag="090" ind1=" " ind2=" ">
      <subfield code="a">b</subfield>
    </datafield>
    <datafield tag="100" ind1="1" ind2=" ">
      <subfield code="0">(DE-588)118623222</subfield>
      <subfield code="0">https://d-nb.info/gnd/118623222</subfield>
      <subfield code="0">(DE-101)118623222</subfield>
      <subfield code="a">Tolkien, J. R. R.</subfield>
      <subfield code="d">1892-1973</subfield>
      <subfield code="e">Verfasser</subfield>
      <subfield code="4">aut</subfield>
      <subfield code="2">gnd</subfield>
    </datafield>
    <datafield tag="245" ind1="1" ind2="0">
      <subfield code="a">Der Hobbit oder hin und zurück</subfield>
      <subfield code="c">J. R. R. Tolkien. Aus dem Engl. übers. von Wolfgang Krege</subfield>
    </datafield>
    <datafield tag="250" ind1=" " ind2=" ">
      <subfield code="a">Vollst. Ausg. zum Film mit allen Liedern und Kt., 1. Aufl.</subfield>
    </datafield>
    <datafield tag="259" ind1=" " ind2=" ">
      <subfield code="a">11</subfield>
    </datafield>
    <datafield tag="264" ind1=" " ind2="1">
      <subfield code="a">Stuttgart</subfield>
      <subfield code="b">Klett-Cotta</subfield>
      <subfield code="c">2012</subfield>
    </datafield>
    <datafield tag="300" ind1=" " ind2=" ">
      <subfield code="a">384 S.</subfield>
      <subfield code="c">20 cm</subfield>
    </datafield>
    <datafield tag="336" ind1=" " ind2=" ">
      <subfield code="a">Text</subfield>
      <subfield code="b">txt</subfield>
      <subfield code="2">rdacontent</subfield>
    </datafield>
    <datafield tag="337" ind1=" " ind2=" ">
      <subfield code="a">ohne Hilfsmittel zu benutzen</subfield>
      <subfield code="b">n</subfield>
      <subfield code="2">rdamedia</subfield>
    </datafield>
    <datafield tag="338" ind1=" " ind2=" ">
      <subfield code="a">Band</subfield>
      <subfield code="b">nc</subfield>
      <subfield code="2">rdacarrier</subfield>
    </datafield>
    <datafield tag="490" ind1="0" ind2=" ">
      <subfield code="a">Hobbit-Presse</subfield>
    </datafield>
    <datafield tag="653" ind1=" " ind2=" ">
      <subfield code="a">(Produktform)Pamphlet</subfield>
    </datafield>
    <datafield tag="653" ind1=" " ind2=" ">
      <subfield code="a">(VLB-WN)1132: Hardcover, Softcover / Belletristik/Fantasy</subfield>
    </datafield>
    <datafield tag="655" ind1=" " ind2="7">
      <subfield code="0">(DE-101)1010885626</subfield>
      <subfield code="a">Fantasy</subfield>
      <subfield code="2">gatbeg</subfield>
    </datafield>
    <datafield tag="700" ind1="1" ind2=" ">
      <subfield code="0">(DE-588)108928489</subfield>
      <subfield code="0">https://d-nb.info/gnd/108928489</subfield>
      <subfield code="0">(DE-101)108928489</subfield>
      <subfield code="a">Krege, Wolfgang</subfield>
      <subfield code="d">1939-2005</subfield>
      <subfield code="e">Übersetzer</subfield>
      <subfield code="4">trl</subfield>
      <subfield code="2">gnd</subfield>
    </datafield>
    <datafield tag="700" ind1="1" ind2="2">
      <subfield code="a">Tolkien, J. R. R.</subfield>
      <subfield code="d">1892-1973</subfield>
      <subfield code="2">gnd</subfield>
      <subfield code="t">The hobbit</subfield>
      <subfield code="g">dt.</subfield>
    </datafield>
    <datafield tag="850" ind1=" " ind2=" ">
      <subfield code="a">DE-101a</subfield>
      <subfield code="a">DE-101b</subfield>
    </datafield>
    <datafield tag="925" ind1="r" ind2=" ">
      <subfield code="a">ra</subfield>
    </datafield>
  </record></recordData><recordPosition>1</recordPosition></record></records><nextRecordPosition>2</nextRecordPosition><echoedSearchRetrieveRequest><version>1.1</version><query>NUM=9783608939774</query><xQuery xmlns:xsi="http://www.w3.org/2001/XMLSchema-instance" xsi:nil="true"/><recordSchema>MARC21-xml</recordSchema></echoedSearchRetrieveRequest><extraResponseData><accountOf xmlns=""></accountOf></extraResponseData></searchRetrieveResponse>
